@article{ong2015materials,
    title = {The Materials Application Programming Interface (API): A simple, flexible and efficient API for materials data based on REpresentational State Transfer (REST) principles},
    author = {Ong, Shyue Ping and Cholia, Shreyas and Jain, Anubhav and Brafman, Miriam and Gunter, Dan and Ceder, Gerbrand and Persson, Kristin A},
    journal = {Computational Materials Science},
    volume = {97},
    pages = {209--215},
    year = {2015},
    publisher = {Elsevier}
}